@Book{ cressie91,
  author =       "Noel A. C. Cressie",
  title =        "Statistics for Spatial Data",
  publisher =    "John Wiley \& Sons",
  year =         "1991",
  edition =      "1st",
  series =       "Wiley Series in Probability and Mathematical
		  Statistics",
  address =      "New York, NY"
}

@Article{ fisher22,
  author = 	 "R. A. Fisher and H. G. Thornton and W. A. Mackenzie",
  title = 	 "The Accuracy of the Plating Method of Estimating the
		  Density of Bacterial Populations",
  journal = 	 "Annals of Applied Biology",
  year = 	 "1922",
  volume = 	 "9",
  pages = 	 "325--359"
}

@Article{ david54,
  author = 	 "F. N. David and P. G. Moore",
  title = 	 "Notes on Contagious Distributions in Plant Populations",
  journal = 	 "Annals of Botany",
  year = 	 "1954",
  volume = 	 "18",
  pages = 	 "47--53"
}

@Article{ douglas75,
  author = 	 "J. B. Douglas",
  title = 	 "Clustering and Aggregation.",
  journal = 	 "Sankhy\=a B",
  year = 	 "1975",
  volume = 	 "37",
  pages = 	 "398--417"
}


@Article{ lloyd67,
  author = 	 "M. Lloyd",
  title = 	 "Mean Crowding",
  journal = 	 "Journal of Animal Ecology",
  year = 	 "1967",
  volume = 	 "36",
  pages = 	 "1--30"
}


@Article{ morisita59,
  author = 	 "M. Morista",
  title = 	 "Measuring the Dispersion and Analysis of
		  Distribution Patterns",
  journal = 	 "Memoires of the Faculty of Science, Kyushu
		  University, Series E. Biology",
  year = 	 "1959",
  volume = 	 "2",
  pages = 	 "215--235"
}

@Book{ ripley81,
  author = 	 "Brian D. Ripley",
  title = 	 "Spatial Statistics",
  publisher = 	 "John Wiley \& Sons",
  year = 	 "1981",
  address = 	 "New York, NY"
}
